<?xml version="1.0" encoding="UTF-8"?><record xmlns="http://www.loc.gov/MARC21/slim" xmlns:cinclude="http://apache.org/cocoon/include/1.0" xmlns:zs="http://www.loc.gov/zing/srw/">
  <leader>00462nz  a2200133n  4500</leader>
  <controlfield tag="001">n  88051559 </controlfield>
  <controlfield tag="003">DLC</controlfield>
  <controlfield tag="005">19880402065259.7</controlfield>
  <controlfield tag="008">880226n| acannaab|          |a aaa ||| b</controlfield>
  <datafield tag="010" ind1=" " ind2=" ">
    <subfield code="a">n  88051559 </subfield>
  </datafield>
  <datafield tag="040" ind1=" " ind2=" ">
    <subfield code="a">DNLM</subfield>
    <subfield code="c">DLC</subfield>
  </datafield>
  <datafield tag="100" ind1="1" ind2="0">
    <subfield code="a">FoĚrsterling, Friedrich.</subfield>
    <subfield code="t">Attributionstheorie in der klinischen Psychologie.</subfield>
    <subfield code="l">English</subfield>
  </datafield>
  <datafield tag="400" ind1="1" ind2="0">
    <subfield code="a">FoĚrsterling, Friedrich.</subfield>
    <subfield code="t">Attribution theory in clinical psychology</subfield>
  </datafield>
  <datafield tag="670" ind1=" " ind2=" ">
    <subfield code="a">His Attribution theory in clinical psychology, c1988.</subfield>
  </datafield>
</record>